############################################### TCC1
#pasta de referencias tcc 1
@manual{ansi1998,
	title = {IEEE Standard for a Software Quality Metrics Methodology},
	author = {Software Engineering StandardsCommittee},
	organization = {IEEE Computer Society},
	journal={IEEE Std 1061-1998}
	address = {Piscataway, NJ, USA},
	year = {1998}
	publisher={IEEE}
}
#revista em minha casa
@article{barbalho2003,
	author = {BARBALHO, P.},
	title = {Descubra o Data Warehouse: Produtividade e rapidez.},
	journal = {SQL Magazine},
	year = {2003},
	volume = {3},
	pages = {34-38},
}
#internet
@misc{manifesto2001,
	author = {BECK, Kent and others},
	title = {Manifesto para Desenvolvimento {\'A}gil de Software},
	year = {2001},
	howpublished = {Disponível em},
	url = {http://www.agilemanifesto.org/}
}
#livro na católica
@book{candido2012,
	author = {CANDIDO, R.},
	title = {Gerenciamento de projetos},
	publisher  = {Aymará},
	year = {2012},
	address  = {Curitiba},
}
#pasta de referencias tcc 1
@book{cohn2010,
	author = {Cohn, Mike},
	title = {Succeeding With Agile: Software Development Using SCRUM},
	publisher  = {Pearson Education},
	year = {2012},
	address  = {Boston, USA: Addison-Wesley},
	edition = {1{\textordfeminine}}
}
#pasta de referencias tcc 1
@article{demarco2009,
	author = {DeMarco, Tom},
	title = {Software Engineering: An Idea Whose Time Has Come and Gone?},
	journal = {Software, IEEE},
	year = {2009},
	volume = {26},
	pages = {96},
	number = {4}
	publisher={IEEE}
}
#pasta de referencias tcc 1
@book{fenton1997,
	author = {FENTON, N. and PFLEEGER, S. L.},
	title = {Software Metrics: A Rigorous and Practical Approach},
	publisher  = {PWS Publishing Company},
	year = {1997},
	address  = {Bonston, MA, USA},
	edition = {2{\textordfeminine}}
}
#pasta de referencias tcc 1
@article{fleming_koppelman_1998,
	author = {FLEMING, Q. W., and KOPPELMAN, J. M.},
	title = {Earned value Project Management: A Powerful Tool for Software Projects.},
	journal = {CrossTalk: The Journal of Defense Software Engineering},
	year = {1998},
	pages = {19-23},
}
#procurar novamente
@article{gopal,
  title={The impact of institutional forces on software metrics programs},
  author={Anandasivam GOPAL and Tridas MUKHOPADHYAY and M.S. KRISHNAN},
  journal={Software Engineering, IEEE Transactions on},
  volume={31},
  number={8},
  pages={679--694},
  year={2005},
  publisher={IEEE}
}
#pasta de referencias tcc 1
@inproceedings{griffiths2006,
  title={Earned Value and Agile Reporting},
  author={Cabri, Anthony and Griffiths, Mike},
  booktitle={Agile Conference, 2006},
  pages={17-22},
  year={2006},
  organization={IEEE}
}
#livro católica
@book{heldman2009,
	author = {HELDMAN, K.},
	title = {Gerência de projetos: Guia para o exame oficial do PMI.},
	publisher  = {Elsevier},
	year = {2009},
	address  = {São Paulo},
	edition = {5{\textordfeminine}}
}
#pasta de referencias tcc 1
@manual{iso15939,
	title = {ISO/IEC 15939:2007: Systems and software engineering - Measurement process},
	author = {ISO/IEC},
	organization = {ISO/IEC},
	address = {Geneva},
	year = {2007}
}
@misc{kagilum,
	author = {KAGILUM},
	title = {Ferramenta Icescrum},
	howpublished = {Disponível em},
	month = {07},
	year = {2013},
	url = {http://www.icescrum.org/en/}
}
#pasta de referencias tcc 1
@book{kan2002,
	author = {KAN, S. H.},
	title = {Metrics And Models In Software Quality Engineering},
	publisher  = {Addison-Wesley Longman Publishing Co., Inc.},
	year = {2002},
	address  = {Boston, MA, USA},
	edition = {2{\textordfeminine}}
}
#pasta de referencias tcc 1
@book{keith2010,
	author = {KEITH, C.},
	title = {Agile Game Development With SCRUM},
	publisher  = {Addison-Wesley},
	year = {2010},
	address  = {Boston},
	edition = {1{\textordfeminine}}
}
#pasta de referencias tcc 1
@book{kimball,
	author = {Ralph KIMBALL and Margy ROSS},
	title = {The Data Warehouse Toolkit: The Complete Guide to Dimensional Modeling},
	publisher  = {Wiley},
	year = {2002},
	address  = {New York},
	edition = {2{\textordfeminine}}
}
#livro católica
@book{martins2007,
	author = {MARTINS, J. C. C.},
	title = {T{\'e}cnicas Para Gerenciamento de Projetos de Software.},
	publisher ={Brasport},
	year = {2007},
	address  = {Rio de Janeiro},
	edition = {1{\textordfeminine}}
}
#site
@misc{mountaingoat,
	author = {MOUNTAINGOAT},
	title = {What is SCRUM methodology?},
	howpublished = {Disponível em},
	month = {06},
	year = {2013},
	url = {www.mountaingoatsoftware.com}
}
@misc{oliveira2007,
	author = {OLIVEIRA, P. A.},
	title = {Ferramenta de Constru{\c{c}}{\~a}o de Data Warehouse},
	year = {2007}
}
#pasta de referencias tcc 1
@misc{mountaingoat,
	author = {MOUNTAINGOAT},
	title = {What is SCRUM methodology?},
	howpublished = {Disponível em},
	month = {06},
	year = {2013},
	url = {www.mountaingoatsoftware.com}
}
#site
@misc{pdi,
	author = {PDI},
	title = {PDI User Guide},
	howpublished = {Disponível em},
	year = {2013},
	url = {http://infocenter.pentaho.com/}
}
#site
@misc{pentaho,
	author = {Pentaho},
	title = {Pentaho Kettle Project.},
	howpublished = {Disponível em},
	year = {2013},
	url = {http://kettle.pentaho.com/}
}
#não tenho
@inproceedings{peterson2001,
	title={EV-Lite Earned value Control for Fast Paced Projects},
	author={PETERSON, C. D., and OLIVER, M. E.},
	booktitle={32th Annual Project Management Institute Seminars and Symposium},
	address = {Nashville, TN},
	year={2001}
}
#livro unb
@book{pfleeger2004,
	author = {PFLEEGER, S. L.},
	title = {Engenharia de Software: Teoria e Pr{\'a}tica},
	publisher  = {Pearson/Prentice Hall},
	year = {2004},
	edition = {2{\textordfeminine}}
}
##pasta de referencias tcc 1
@manual{pmbok,
	title = {Um Guia do Conhecimento em Gerenciamento de Projetos (Guia PMBOK{\textregistered}). Em portugu{\^e}s},
	author = {PMI},
	organization = {Project Management Institute},
	address = {Pennsylvania, EUA},
	edition = {4{\textordfeminine}},
	year = {2008}
}
#livro unb
@book{pressman2011,
	author = {PRESSMAN, R. S.},
	title = {Engenharia de Software: Uma Abordagem Profissional},
	publisher  = {McGraw Hill},
	year = {2011},
	address  = {New York},
	edition = {7{\textordfeminine}}
}
#pasta de referencias tcc 1
@inproceedings{rocha2000,
	author = {ROCHA, A. B.},
	title = {Guardando Históricos de Dimensões em Data.},
	year = {2000},
	address = {Paraíba},
	publisher = {Universidade Federal da Para{\'\i}ba}
}
#não tenho
@article{roche1994,
	title={Software Metrics and Measurement Principles},
	author={Roche, John M},
	journal={ACM SIGSOFT Software Engineering Notes},
	volume={19},
	number={1},
	pages={77--85},
	year={1994},
	publisher={ACM}
}
##pasta de referencias tcc 1
@book{rubin2012,
	author = {RUBIN, K. S.},
	title = {Essential Scrum: A Practical Guide To The Most Popular Agile Process},
	publisher  = {Addison-Wesley},
	year = {2012},
	address  = {Michigan},
	edition = {1{\textordfeminine}}
}
##pasta de referencias tcc 1
@article{spdw,
	author = {Patrícia Souza SILVEIRA and Karin BECKER and Ducan D. RUIZ},
	title = {SPDW+: A Seamless Approach For Capturing Quality Metrics In Software Development Environments.},
	journal = {Software Quality Journal},
	year = {2012},
	volume = {18},
	pages = {227-268},
	number = {2}
	publisher = {Springer}
}
#livro unb
@book{schwaber2004,
	author = {SCHWABER, K.},
	title = {Agile Project Management With Scrum},
	publisher  = {Microsoft-O'Reilly Media},
	year = {2004},
	address  = {Washigton},
	edition = {1{\textordfeminine}}
}
#site
@article{scrumguide,
	author = {SCHWABER, K., and SYTHERLAND, J.},
	title = {Guia do SCRUM.},
	journal = {As regras do Jogo},
	year = {2011},
	url = {https://www.scrum.org}
}
#site
@misc{scrumalliance,
	author = {SCRUM ALLIANCE},
	title = {What is Scrum?},
	howpublished = {Disponível em},
	month = {06},
	year = {2013},
	url = {www.scrumalliance.org}
}
#site
@misc{scrummethodology,
	author = {SCRUM METHODOLOGY},
	title = {What’s unique about SCRUM?},
	howpublished = {Disponível em},
	month = {06},
	year = {2013},
	url = {www.scrummethodology.com}
}
#pasta de referencias tcc 1
@article{spies_ruiz_2012,
	author = {SPIES, E. H., and RUIZ, D. D.},
	title = {Proposta de um plano de métricas para o monitoramento de projetos Scrum},
	journal = {Brazilian Workshop on Agile Methods},
	year = {2012},
	volume = {3},
	pages = {84-95},
}
#pasta de referencias tcc 1
@article{agileevm,
	author = {SULAIMAN, T., BARTON, B., and BLACKBURN, T.},
	title = {AgileEVM - Earned Value Management in SCRUM Projects},
	journal = {AGILE '06 Proceedings of the conference on AGILE 2006},
	year = {2006},
	publisher = {IEEE}
}
#site
@inproceedings{vargasartigo2009,
	author = {VARGAS, R. V.},
	title = {Análise De Valor Agregado No Controle De Projetos: Sucesso Ou Fracasso?},
	year = {2009},
	publisher = {http://www.ricardo-vargas.com/pt/articles/}
	address = {Rio de Janeiro}
}
#googlebooks
@book{vargas2009,
	author = {VARGAS, R. V.},
	title = {Gerenciamento de Projetos: Estabelecendo Diferenciais Competitivos.},
	publisher  = {Brasport},
	year = {2009},
	address  = {Rio de Janeiro},
	edition = {7{\textordfeminine}}
}
#google books
@book{vargas2011,
	author = {},
	title = {Análise de Valor Agregado: Revolucionando o Gerenciamento de Prazos e Custo.},
	publisher  = {Brasport},
	year = {2011},
	address  = {Rio de Janeiro},
	edition = {5{\textordfeminine}}
}
######################TCC2
@book{pentaho2009,
	author = {Roland BOUMAN, Jon Van DONGEN},
	title = {Pentaho Solutions: Business Intelligence and Data Warehousing with Pentaho and MySQL},
	publisher  = {Wiley},
	year = {2009},
	address = {Indianapolis, IN},
	edition = {1{\textordfeminine}}
}
@book{pentaho2010,
	author = {Matt CASTERS, Roland BOUMAN, Jon Van  DONGEN},
	title = {Pentaho Kettle solutions: building open source ETL solutions with Pentaho Data Integration},
	publisher  = {Wiley},
	year = {2010},
	address  = {Indianapolis, IN},
	edition = {1{\textordfeminine}}
}
@book{han,
	author = {Jiawei HAN and Micheline KAMBER}
	tile = {Data Mining: Concepts and Techniques}
	publisher = {Elsevier Science and Technology Books}
	year = {2006}
	edition = {2{\textordfeminine}}
}
@book{redbooks,
	author = {BALLAR, C. and FARREL, D. M. and GUPTA, A. and MAZUELA, C. and VOHNIK, S.},
	title = {Dimensional Modeling: In a Bussiness Intelligence Environment},
	publisher  = {IBM},
	year = {2006},
	address  = {New York},
	edition = {1{\textordfeminine}}
}